@MISC{PDF,
        note = {http://hep.pa.msu.edu/cteq/public/ct10/figs/},
        key = {0},
}

@MISC{FEYN,
        note = {http://madgraph.hep.uiuc.edu/},
        key = {0},
}

@MANUAL{MCFM,
	title = {MCFM v6.6 A Monte Carlo FeMtobarn processes at Hadron Colliders Users Guide},
	author = {John M. Campbell and R. Keith Ellis and Ciaran Williams},
	month = {April},
	year = {2013},
}
